<record><leader>00000cas a22000007a 4500</leader><controlfield tag="001">9775634</controlfield><controlfield tag="008">830804d18661953nyudn ne      0    0eng d</controlfield><controlfield tag="009">3781</controlfield><datafield ind1=" " ind2=" " tag="010"><subfield code="a">sn 83031091 </subfield></datafield><datafield ind1=" " ind2=" " tag="040"><subfield code="a">NPU</subfield><subfield code="b">eng</subfield><subfield code="c">NPU</subfield><subfield code="d">NYG</subfield><subfield code="d">NPX</subfield><subfield code="d">NYG</subfield><subfield code="d">NYS</subfield><subfield code="d">OCLCQ</subfield></datafield><datafield ind1="1" ind2=" " tag="029"><subfield code="a">AU@</subfield><subfield code="b">000025830678</subfield></datafield><datafield ind1=" " ind2=" " tag="042"><subfield code="a">msc</subfield></datafield><datafield ind1="0" ind2="0" tag="245"><subfield code="a">Hudson evening register.</subfield></datafield><datafield ind1="3" ind2="0" tag="246"><subfield code="a">Evening Hudson register</subfield></datafield><datafield ind1="1" ind2="3" tag="246"><subfield code="a">Hudson register</subfield></datafield><datafield ind1=" " ind2=" " tag="260"><subfield code="a">Hudson, N.Y. :</subfield><subfield code="b">Williams &amp; Clark,</subfield><subfield code="c">1866-</subfield></datafield><datafield ind1=" " ind2=" " tag="300"><subfield code="a">v. ;</subfield><subfield code="c">66 cm.</subfield></datafield><datafield ind1=" " ind2=" " tag="310"><subfield code="a">Daily (except Sunday)</subfield></datafield><datafield ind1="0" ind2=" " tag="362"><subfield code="a">Vol. 1, no. 32 (July 1, 1866)-</subfield></datafield><datafield ind1="1" ind2=" " tag="362"><subfield code="a">Ceased in 1953?</subfield></datafield><datafield ind1=" " ind2=" " tag="500"><subfield code="a">"Evening" appears in title ornament in small type, &lt;1876-1881&gt;, &lt;1944&gt;.</subfield></datafield><datafield ind1=" " ind2=" " tag="500"><subfield code="a">Publishers: Williams &amp; Clark, &lt;1866&gt;; M. Parker Williams, &lt;1876-1881&gt;; Record Print. and Pub. Co., &lt;1944&gt;.</subfield></datafield><datafield ind1=" " ind2=" " tag="500"><subfield code="a">Editor: M. Parker Williams, 1866-&lt;1876&gt;.</subfield></datafield><datafield ind1=" " ind2=" " tag="580"><subfield code="a">Weekly eds.: Hudson gazette (Hudson, N.Y. : 1824), 1866-1882; Hudson weekly gazette (Hudson, N.Y. : 1882), 1882-1896; Hudson weekly gazette and Hudson weekly record, 1896-1897; Hudson weekly gazette (Hudson, N.Y. : 1897), 1897-&lt;1926&gt;.</subfield></datafield><datafield ind1=" " ind2="4" tag="651"><subfield code="a">Hudson (N.Y.)</subfield><subfield code="v">Newspapers.</subfield></datafield><datafield ind1=" " ind2=" " tag="752"><subfield code="a">United States</subfield><subfield code="b">New York</subfield><subfield code="c">Columbia</subfield><subfield code="d">Hudson.</subfield></datafield><datafield ind1="1" ind2=" " tag="775"><subfield code="t">Hudson gazette (Hudson, N.Y. : 1824)</subfield><subfield code="w">(DLC)sn 83021095</subfield><subfield code="w">(OCoLC)9798190</subfield></datafield><datafield ind1="1" ind2=" " tag="775"><subfield code="t">Hudson weekly gazette (Hudson, N.Y. : 1882)</subfield><subfield code="w">(DLC)sn 91066101</subfield><subfield code="w">(OCoLC)23705417</subfield></datafield><datafield ind1="1" ind2=" " tag="775"><subfield code="t">Hudson weekly gazette and Hudson weekly record</subfield><subfield code="w">(DLC)sn 92061508</subfield><subfield code="w">(OCoLC)25562345</subfield></datafield><datafield ind1="1" ind2=" " tag="775"><subfield code="t">Hudson weekly gazette (Hudson, N.Y. : 1897)</subfield><subfield code="w">(DLC)sn 92061509</subfield><subfield code="w">(OCoLC)25562514</subfield></datafield><datafield ind1="0" ind2="0" tag="780"><subfield code="t">Hudson daily register</subfield><subfield code="w">(DLC)sn 84031231</subfield><subfield code="w">(OCoLC)10720492</subfield></datafield><datafield ind1="0" ind2="7" tag="785"><subfield code="t">Hudson daily star</subfield><subfield code="w">(DLC)sn 84031411</subfield><subfield code="w">(OCoLC)10929780</subfield></datafield><datafield ind1="0" ind2="7" tag="785"><subfield code="t">Evening register star</subfield><subfield code="w">(DLC)sn 91066042</subfield><subfield code="w">(OCoLC)23352424</subfield></datafield><datafield ind1=" " ind2=" " tag="936"><subfield code="a">Vol. 78, no. 156 (Nov. 28, 1944) LIC</subfield></datafield></record>